@misc{Teaching,
    author = "Joseph Salmon",
    title = "Advanced Linear Models HMMA307",
    year = "2020",
    howpublished = "\url{http://josephsalmon.eu/HMMA307.html}",
}

@misc{Google,
  title="Workshop 6: Linear mixed effects models",
  author="Catherine Baltazar, Dalal Hanna and Jacob Ziegler",
  year="2019",
  howpublished = "\url{https://wiki.qcbs.ca/r_atelier6#qcbs_r_workshops}",
}

@misc{link1,
    author = "Wikipedia",
    howpublished = "\url{https://en.wikipedia.org/wiki/Mixed_model}",
    }
    
@misc{Code,
    author = "Cassandre Lepercque",
    title="Linear mixed effects model, Python code",
    year="2020", 
    howpublished = "\url{https://github.com/cassandrelepercque/HMMA_307-Project/blob/main/code.py}",
    }